@string{cacm = {Communications of the ACM}}
@string{toce = {ACM Transactions on Computing Education}}
@string{icse = {ICSE}} %{{International Conference on Software Engineering}}
@string{icpc = {ICPC}} %{{International Conference on Program Comprehension}}
@string{ifl = {IFL}} % International Symposium ... Functional and Logic Programming
@string{sigcse = {Special Interest Group on Computer Science Education}}
@string{onward = {Onward!}} %{{Symposium on New ideas, new paradigms, and reflections on programming and software (Onward!)}}
@string{vlhcc = {Visual Languages and Human Centric Computing}}
@string{sigchi = {Special Interest Group on Computer--Human Interaction}}
@string{oopsla = {OOPSLA}} %{{ACM SIGPLAN Conference on Object-Oriented Programming Systems, Languages and Applications}}
@string{pacmpl = {PACMPL}}
@string{jecr = {Journal of Educational Computing Research}}
@string{dls = {DLS}} %{"Dynamic Languages Symposium"}
@string{snapl = {SNAPL}} %{"Summit on Advances in Programming Languages"}
@string{fse = {FSE}} %{"{ACM SIGSOFT} International Symposium on the Foundations of Software Engineering"}
@string{flops = {FLOPS}} %{Functional and Logic Programming}
@string{popl = {POPL}} %{{{ACM SIGPLAN} Symposium on Principles of Programming Languages}}
@string{ecoop = {ECOOP}} %{{European Conference on Object-Oriented Programming}}
@string{esop = {ESOP}} %{{European Symposium on Programming}}
@string{icfp = {ICFP}} %{{{ACM SIGPLAN} International Conference on Functional Programming}}
@string{pldi = {PLDI}}
@string{toplas = {TOPLAS}} %{{ACM} Transactions on Programming Languages and Systems}}
@string{hosc = {HOSC}} %{Higher-order and symbolic computation}
@string{jfp= {JFP}} %{{Journal of Functional Programming}}
@string{scp = {Science of Computer Programming}}
@string{sac = {SAC}} %{{{ACM} Symposium on Applied Computing}}
@string{jcss = {Journal of Computer and System Sciences}}
@string{pepm = {PEPM}} %{{{ACM SIGPLAN} Workshop on Partial Evaluation and Semantics-Based Program Manipulation}}
@string{padl = {PADL}}



@book{mind-storms,
  title = {Mind-Storms: Children, Computers, and Powerful Ideas},
  author = {Seymour Papert},
  year = {1993},
  publisher = {Basic Books},
  address = {New York, NY, USA}
}

@article{natural-programming-project,
  title = {Natural Programming Languages and Environment},
  author = {Brad A. Myers and John F. Pane and Andy Ko},
  journal = cacm,
  year = {2004},
  comment = {http://www.cs.cmu.edu/~NatProg/index.html}
}

@book{abc-language-handbook,
  title = {ABC Programmer's Handbook},
  author = {Leo Geurts},
  year = {2005},
  publisher = {Bosko Books},
}

@inproceedings{quorum-syntax-study,
  author = {Andreas Stefik and Susanna Siebert},
  title = {An Empirical Investigation into Programming Language Syntax},
  booktitle = toce,
  year = {2013},
}
  %publisher = {ACM},

@inproceedings{cohen-kappa,
  author = {Jacob Cohen},
  title = {A Coefficient of Agreement for Nominal Scales},
  year = {1960},
  booktitle = {Educational and Psychological Measurement},
}

@inproceedings{free-marginal-kappa,
  author = {Justus J. Randolph},
  title = {Free-Marginal Multirater Kappa: An Alternative to Fleiss'
           Fixed-Marginal Multirater Kappa},
  year = {2005},
  booktitle = {Joensuu Learning and Instruction Symposium},
}

@inproceedings{fleiss-kappa,
  title = {Measuring Nominal Scale Agreement Among Many Raters},
  author = {Joseph L. Fleiss},
  year = {1971},
  booktitle = {Psychological Bulletin},
}

@inproceedings{study-cpp-lambdas,
  title = {An empirical study on the impact of C++ lambdas and programmer experience},
  author = {Phillip Merlin Uesbeck and Andreas Stefik and Stefan Hanenberg
            and Jan Pedersen and Patrick Daleiden},
  year = {2016},
  booktitle = icse,
}
  %publisher = {ACM},

@inproceedings{type-unsoundness-in-practice,
 author = {Mezzetti, Gianluca and M{\o}ller, Anders and Strocco, Fabio},
 title = {Type Unsoundness in Practice: An Empirical Study of Dart},
 booktitle = dls,
 pages={13--24},
 year = {2016},
} 

@inproceedings{incorrect-ts,
 author = {Feldthaus, Asger and M{\o}ller, Anders},
 title = {Checking Correctness of {TypeScript} Interfaces for {JavaScript} Libraries},
 booktitle = oopsla,
 year = {2014},
 pages = {1--16},
 url={https://doi.org/10.1145/2660193.2660215},
 doi={10.1145/2660193.2660215}
} 

@inproceedings{sta-nt-base-types, 
 author = {St-Amour, Vincent and Toronto, Neil},
 title = {Experience Report: Applying Random Testing to a Base Type Environment},
 booktitle = icfp, 
 year = {2013},
 pages = {351--356},
 url={https://doi.org/10.1145/2500365.2500616},
 doi={10.1145/2500365.2500616}
} 

@inproceedings{study-type-systems,
  title = {Do Static Type Systems Improve the Maintainability
           of Software Systems?: An Empirical Study},
  author = {Sebastian Kleinschmager and Stefan Hanenberg
            and Romain Robbes and \'{E}ric Tanter
            and Andreas Stefik},
  booktitle = icpc,
  pages={153--162},
  year = {2012},
}
  %publisher = {IEEE},

@inproceedings{how-do-programmers-use-optional-typing,
 author = {Souza, Carlos and Figueiredo, Eduardo},
 title = {How Do Programmers Use Optional Typing?: An Empirical Study},
 booktitle = {International Conference on Modularity},
 pages = {109--120},
 year = {2014},
}
 %publisher = {ACM},

@inproceedings{fleury-misconceptions,
  title = {Parameter Passing: The Rules the Students Construct},
  author = {Ann E. Fleury},
  booktitle = sigcse,
  year = {1991},
}
  %publisher = {ACM},

@article{abc-language,
  title = {Designing a Beginners' Programming Language},
  author = {L.J.M. Geurts and L.G.L.T. Meertens},
  journal = {Mathematisch Centrum, Afdeling Informatica},
  year = {1976},
  comment = {http://oai.cwi.nl/oai/asset/9452/9452A.pdf},
  notetoself = {Republished by this institution. I cannot find the original publication.}
}

@inproceedings{guillaume-error-messages,
  title = {Mind Your Language:
           On Novices' Interactions with Error Messages},
  author = {Guillaume Marceau and Kathi Fisler and Shriram Krishnamurthi},
  booktitle = onward,
  year = {2011},
}
  %publisher = {ACM},

@inproceedings{ko-learning-barriers,
  title = {Six Learning Barriers in End-User Programming Systems},
  author = {Andrew J. Ko and Brad A. Myers and Htet Htet Aung},
  booktitle = vlhcc,
  year = {2004},
}
  %publisher = {IEEE},

@inproceedings{crowdsource-bug-fixes,
  title = {What Would Other Programmers Do?
           Suggesting Solutions to Error Messages},
  author = {Bj\"{o}rn Hartmann},
  booktitle = sigchi,
  year = {2010},
  comment = {http://joelbrandt.org/publications/hartmann_chi2010_what_would_other_programmers_do.pdf}
}
  %publisher = {ACM},

@inproceedings{crowdsource-api-docs,
  title = {Calcite: Completing Code Completion for Constructors Using Crowds},
  author = {Mathew Mooty and Andrew Faulring and Jeffrey Stylos and Brad A. Myers},
  booktitle = vlhcc,
  year = {2010},
  comment = {http://www.cs.cmu.edu/~NatProg/papers/Calcite%20VLHCC%202010%20Final.pdf}
}
  %publisher = {IEEE},

@inproceedings{study-type-systems-mayer,
  title = {An Empirical Study of the Influence of Static Type
           Systems on the Usability of Undocumented Software},
  author = {Clemens Mayer and Stefan Hanenberg and Romain Robbes
            and \'{E}ric Tanter and Andreas Stefik},
  booktitle = oopsla,
  pages={683--702},
  year = {2012},
  comment = {https://pleiad.cl/papers/2012/mayerAl-oopsla2012.pdf}
}
  %publisher = {ACM},

@article{static-typing-on-maintainability,
  title={An empirical study on the impact of static typing on software maintainability},
  author={Stefan Hanenberg and Sebastian Kleinschmager and Romain Robbes and \'{E}ric Tanter
          and Andreas Stefik},
  booktitle={Empirical Software Engineering},
  volume=19,
  number=5,
  pages={1335-1382},
  year={2014},
}
  %publisher={Springer US},

@inproceedings{api-documentation-affect-api-usability,
 author = {Endrikat, Stefan and Hanenberg, Stefan and Robbes, Romain and Stefik, Andreas},
 title = {How Do API Documentation and Static Typing Affect API Usability?},
 booktitle = icse,
 pages={632--642},
 year = {2014},
} 
 %publisher = {ACM},

@misc{wat,
  author = {Bernhardt, Gary},
  year = {2012},
  title = {{Wat}},
  note = {\newline\url{https://www.destroyallsoftware.com/talks/wat}},
  howpublished = {A lightning talk from CodeMash},
}

@inproceedings{print-floats,
 author = {Steele, Jr., Guy L. and White, Jon L.},
 title = {How to Print Floating-point Numbers Accurately},
 booktitle = {Proceedings of the ACM SIGPLAN 1990 Conference on Programming Language Design and Implementation},
 year = {1990},
} 
 %publisher = {ACM},

@inproceedings{sourcing-with-turk,
 author = {Kittur, Aniket and Chi, Ed H. and Suh, Bongwon},
 title = {Crowdsourcing User Studies with Mechanical Turk},
 booktitle = sigchi,
 year = {2008},
}
 %publisher = {ACM},

@article{du-boulay,
  title = {Some Difficulties of Learning to Program},
  author = {Benedict Du Boulay},
  journal = jecr,
  volume = 2,
  number = 1,
  pages = {57--73},
  year = {1986},
}

@techrpt{survey-recursion,
  title = {What's Motivation Got to Do with It? A Survey of Recursion in the Computing Education Literature},
  author = {Amber Settle},
  institution = "{D}e{P}aul {U}niversity",
  journal="Technical Report",
  number="23",
  year = {2014}
}

@phdthesis{sorva-thesis,
  author = {Juha Sorva},
  title = {Visual Program Simulation in Introductory Programming Education},
  school = {{A}alto {U}niversity},
  year = {2012}
}

@article{misconceptions-bayman,
  title = {A diagnosis of beginning programmers' misconceptions of BASIC programming statements},
  author = {Piraye Bayman and Richard E. Mayer},
  journal = cacm,
  year = {1983},
}

% Lane misc. papers
@article{Mason-turk,
  title={Conducting behavioral research on {A}mazon's {M}echanical {T}urk},
  author={Mason, Winter and Suri, Siddharth},
  journal={Behavior research methods},
  year={2012},
}
  %publisher={Springer}

@INPROCEEDINGS{Layman-turk, 
author={L. Layman and G. Sigur{\dj}sson},
booktitle={International Symposium on Empirical Software Engineering and Measurement},
title={Using Amazon's Mechanical Turk for User Studies: Eight Things You Need to Know}, 
year={2013},
}
%publisher={ACM}

@misc{betteridges-law,
  title = {Betteridge's law of headlines},
  howpublished = {\url{https://en.wikipedia.org/wiki/Betteridge\%27s_law_of_headlines}},
  year = {2017},
  note = {Accessed: 2017-04-20},
}

@inproceedings{fisler-misconceptions,
  title = {Assessing and Teaching Scope, Mutation, and Aliasing
           in Upper-Level Undergraduates},
  author = {Kathi Fisler and Shriram Krishnamurthi and Preston Tunnell Wilson},
  year = {2017},
  booktitle = sigcse,
  address = {New York, NY, USA},
}
  %publisher = {ACM},

@book{hermes,
 author = {Strom, Robert E. and Bacon, David F. and Goldberg, Arthur P. and Lowry, Andy and Yellin, Daniel M. and Alexander Yemini, Shaula},
 title = {Hermes: A Language for Distributed Computing},
 year = {1991},
}
 %publisher = {Prentice-Hall, Inc.},

@book{s-lisp-1990,
  title={Common Lisp},
  author={Steele, Jr., Guy L.},
  publisher={Digital Press},
  edition={2nd},
  year={1990}
}

@misc{r-cluster,
  title = {Package 'cluster'},
  howpublished = {\url{https://cran.r-project.org/web/packages/cluster/cluster.pdf}},
  author = {Martin Maechler and
      Peter Rousseeuw and
      Anja Struyf and
      Mia Hubert and
      Kurt Hornik and
      Matthias Studer and
      Pierre Roudier and
      Juan Gonzalez},
  year = {2017},
  note = {v2.0.6. Accessed: 2017-04-20},
}


@article{hamming-distance,
  title = {Error Detecting and Error Correcting Codes},
  author = {R. W. Hamming},
  year = {1950},
  journal = {The Bell System Technical Journal},
}

@book{clustering,
  title = {Finding Groups in Data: An Introduction to Cluster Analysis},
  author = {Leonard Kaufman and Peter J. Rousseeuw},
  isbn = {978-0471735786},
  year = {2008}
}
  %publisher = {Wiley},

@misc{racket,
  author={PLT},
  title={{The Racket Programming Lanugage}},
  howpublished={{\url{http://racket-lang.org}}},
  year=2017
}

@article{reduction-semantics,
  title = {The revised report on the syntactic
    theories of sequential control
    and state},
  author = {Matthias Felleisen},
  year = {1992},
  journal = {Theoretical Computer Science},
}

% #lang citation
@inproceedings{flatt-macros,
  author = {Flatt, Matthew},
  title = {Composable and compilable macros: you want it when?},
  booktitle = icfp,
  year = {2002},
  address = {New York, NY, USA},
}
  %publisher = {ACM},

@inproceedings{programs-as-classifiers,
  author = {Justin Pombrio and Shriram Krishnamurthi and Kathi Fisler},
  title = {Teaching Programming Languages by Experimental and Adversarial Thinking},
  booktitle = snapl,
  pages={13:1--13:9},
  year = {2017}
  }

@phdthesis{Barik-thesis,
 author = {Barik, Titus},
 title = {Error Messages as Rational Reconstructions},
 school = {{N}orth {C}arolina {S}tate {U}niversity},
 year = {2018},
}

@inproceedings{Wrenn-ems,
 author = {Wrenn, John and Krishnamurthi, Shriram},
 title = {Error Messages Are Classifiers: A Process to Design and Evaluate Error Messages},
 booktitle = onward,
 pages={134--147},
 year = {2017},
} 
 %publisher = {ACM},

@article{chi-misconceptions-persist05,
  author = "Chi, M.T.H.",
  title = "Common sense conceptions of emergent processes: Why some misconceptions are robust",
  journal = "Journal of the Learning Sciences",
  volume = 14,
  year = 2005
  }

@article{kaijanahoevidence,
  title={Evidence-Based Programming Language Design},
  author={Kaijanaho, Antti-Juhani}
}

@inproceedings{miller2017uncanny,
  title={Uncanny Valleys in Declarative Language Design},
  author={Miller, Mark S and Von Dincklage, Daniel and Ercegovac, Vuk and Chin, Brian},
  booktitle=snapl,
  pages={9:1--9:12},
  year={2017},
}

@misc{Pyret,
  author = {Pyret Developers},
  title = {Pyret Programming Language},
  note = {\newline\url{http://www.pyret.org/}},
  year = 2018
}

@inproceedings{tf-dls-2006,
  author="Sam Tobin-Hochstadt and Matthias Felleisen",
  title="Interlanguage Migration: from Scripts to Programs",
  booktitle=dls,
  pages="964--974",
  year=2006,
  url={https://doi.org/10.1145/1176617.1176755},
  doi={10.1145/1176617.1176755}
  }

@inproceedings{tf-popl-2008,
  author="Sam Tobin-Hochstadt and Matthias Felleisen",
  title="The Design and Implementation of {T}yped {S}cheme",
  booktitle=popl,
  pages="395--406",
  year=2008,
  url={https://doi.org/10.1145/1328438.1328486},
  doi={10.1145/1328438.1328486}
  }

@inproceedings{tfffgksst-snapl-2017,
  author="Sam Tobin-Hochstadt and Matthias Felleisen and Robert Bruce Findler and Matthew Flatt and Ben Greenman and Andrew M. Kent and Vincent St-Amour and T. Stephen Strickland and Asumu Takikawa",
  title="Migratory Typing: {t}en years later",
  booktitle=snapl,
  pages="17:1--17:17",
  year=2017,
  url={https://doi.org/10.4230/LIPIcs.SNAPL.2017.17},
  doi={10.4230/LIPIcs.SNAPL.2017.17}
}

@inproceedings{bat-ecoop-2014,
  author="Gavin Bierman and Martin Abadi and Mads Torgersen",
  title={Understanding {TypeScript}},
  booktitle=ecoop,
  pages="257--281",
  year=2014}

@inproceedings{vss-popl-2017,
  author="Michael M. Vitousek and Cameron Swords and Jeremy G. Siek",
  title="Big Types in Little Runtime: Open-World Soundness and Collaborative Blame for Gradual Type Systems",
  booktitle=popl,
  pages="762--774",
  year=2017,
  url={https://doi.org/10.1145/3009837.3009849},
  doi={10.1145/3009837.3009849}
}

@inproceedings{ff-icfp-2002,
  author="Robert Bruce Findler and Matthias Felleisen",
  title="Contracts for Higher-Order Functions",
  booktitle=icfp,
  pages="48--59",
  year=2002,
  url={https://doi.org/10.1145/581478.581484},
  doi={10.1145/581478.581484}
}

@article{mf-toplas-2009,
  author="Jacob Matthews and Robert Bruce Findler",
  title="Operational Semantics for Multi-Language Programs",
  journal=toplas,
  volume=31,
  number=3,
  pages="1--44",
  year=2009,
  url={https://doi.org/10.1145/1498926.1498930},
  doi={10.1145/1498926.1498930}
  }

@inproceedings{aft-dls-2013,
  author="Esteban Allende and Johan Fabry and \'{E}ric Tanter",
  title="Cast Insertion Strategies for Gradually-Typed Objects",
  booktitle=dls,
  pages="27--36",
  year=2013}

@article{acftd-scp-2013,
  author="Esteban Allende and Oscar Calla\'{u} and Johan Fabry and \'{E}ric Tanter and Marcus Denker",
  title={Gradual typing for {Smalltalk}},
  journal=scp,
  volume=96,
  number=1,
  pages="52--69",
  year=2013}

@inproceedings{ddems-icse-2011,
  author="Werner Dietl and Stephanie Dietzel and Michael D. Ernst and K{\i}van\c{c} Mu\c{s}lu and Todd W. Schiller",
  title="Building and Using Pluggable Type Checkers",
  booktitle=icse,
  pages="681--690",
  year=2011}

@inproceedings{bg-oopsla-1993,
  author="Gilad Bracha and David Griswold",
  title="Strongtalk: Typechecking {Smalltalk} in a Production Environment",
  booktitle=oopsla,
  pages="215--230",
  year=1993}

@inproceedings{wmwz-ecoop-2017,
  author="Jack Williams and J. Garrett Morris and Philip Wadler and Jakub Zalewski",
  title={Mixed Messages: Measuring Conformance and Non-Interference in {TypeScript}},
  booktitle=ecoop,
  pages="28:1--28:29",
  year=2017,
  url={https://doi.org/10.4230/LIPIcs.ECOOP.2017.28},
  doi={10.4230/LIPIcs.ECOOP.2017.28}
}

@inproceedings{bdt-esop-2016,
  author="Ambrose Bonnaire-Sergeant and Rowan Davies and Sam Tobin-Hochstadt",
  title={Practical Optional Types for {Clojure}},
  booktitle=esop,
  pages="68--94",
  year=2016}

@inproceedings{mmi-dls-2015,
  author="Andre Murbach Maidl and Fabio Mascarenhas and Roberto Ierusalimschy",
  title={A Formalization of {Typed Lua}},
  booktitle=dls,
  pages="13--25",
  year=2015}

@inproceedings{rtsf-sac-2013,
  author="Brianna M. Ren and John Toman and T. Stephen Strickland and Jeffrey S. Foster",
  title="The Ruby Type Checker",
  booktitle=sac,
  pages="1565--1572",
  year=2013}

@inproceedings{tst-esop-2013,
  author="Asumu Takikawa and T. Stephen Strickland and Sam Tobin-Hochstadt",
  title="Constraining Delimited Control with Contracts",
  booktitle=esop,
  pages="{229--248}",
  year=2013}

@inproceedings{tsdtf-oopsla-2012,
  author="Asumu Takikawa and T. Stephen Strickland and Christos Dimoulas and Sam Tobin-Hochstadt and Matthias Felleisen",
  title="Gradual Typing for First-Class Classes",
  booktitle=oopsla,
  pages="793--810",
  year=2012,
  url={https://doi.org/10.1145/2384616.2384674},
  doi={10.1145/2384616.2384674}
  }

@inproceedings{dfff-popl-2011,
  author="Christos Dimoulas and Robert Bruce Findler and Cormac Flanagan and Matthias Felleisen",
  title="Correct Blame for Contracts: {n}o More Scapegoating",
  booktitle=popl,
  pages="215--226",
  year=2011}

@inproceedings{dtf-esop-2012,
  author="Christos Dimoulas and Sam Tobin-Hochstadt and Matthias Felleisen",
  title="Complete Monitors for Behavioral Contracts",
  booktitle=esop,
  pages="214--233",
  year=2012}

@inproceedings{tfdfftf-ecoop-2015,
  author="Asumu Takikawa and Daniel Feltey and Earl Dean and Robert Bruce Findler and Matthew Flatt and Sam Tobin-Hochstadt and Matthias Felleisen",
  title="Towards Practical Gradual Typing",
  booktitle=ecoop,
  pages="4--27",
  year=2015}

@inproceedings{vksb-dls-2014,
  author="Michael M. Vitousek and Andrew Kent and Jeremy G. Siek and Jim Baker",
  title="Design and Evaluation of Gradual Typing for {p}ython",
  booktitle=dls,
  pages="45--56",
  year=2014,
  url={https://doi.org/10.1145/2661088.2661101},
  doi={10.1145/2661088.2661101}
  }

@inproceedings{svcb-snapl-2015,
  author={Jeremy G. Siek and Michael M. Vitousek and Matteo Cimini and John Tang Boyland},
  title="Refined Criteria for Gradual Typing",
  booktitle=snapl,
  pages="274--293",
  year=2015}

@article{mt-oopsla-2017,
  author="Fabian Muehlboeck and Ross Tate",
  title="Sound Gradual Typing is Nominally Alive and Well",
  journal=pacmpl,
  volume={1},
  number=oopsla,
  pages="56:1--56:30",
  year={2017},
  url={https://doi.org/10.1145/3133880},
  doi={10.1145/3133880}
}

@article{wmw-oopsla-2018,
  author={Williams, Jack and Morris, J. Garrett and Wadler, Philip},
  title={The Root Cause of Blame: Contracts for Intersection and Union Types},
  journal=pacmpl,
  volume={2},
  number=oopsla,
  pages="134:1--134:29",
  year={2018}
}

@inproceedings{rzv-ecoop-2015,
  title={Concrete Types for {TypeScript}},
  author={Gregor Richards and Francesco Zappa Nardelli and Jan Vitek},
  booktitle=ecoop,
  pages={76--100},
  year=2015,
  url={https://doi.org/10.4230/LIPIcs.ECOOP.2015.76},
  doi={10.4230/LIPIcs.ECOOP.2015.76}
}

@article{rat-oopsla-2017,
  author={Gregor Richards and Ellen Arteca and Alexi Turcotte},
  title="The VM Already Knew That: Leveraging Compile-Time Knowledge to Optimize Gradual Typing",
  journal=pacmpl,
  volume={1},
  number=oopsla,
  pages="55:1--55:27",
  year={2017},
  url={https://doi.org/10.1145/3133879},
  doi={10.1145/3133879}
}

@article{cvgrl-oopsla-2017,
  author="Avik Chaudhuri and Panagiotis Vekris and Sam Goldman and Marshall Roch and Gabriel Levy",
  title="Fast and Precise Type Checking for JavaScript",
  journal=pacmpl,
  volume={1},
  number=oopsla,
  pages="56:1--56:30",
  year={2017}
}

@article{gf-icfp-2018,
  author={Greenman, Ben and Felleisen, Matthias},
  title={A Spectrum of Type Soundness and Performance},
  journal=pacmpl,
  volume={2},
  number=icfp,
  pages={71:1--71:32},
  year=2018,
  url={https://doi.org/10.1145/3235045},
  doi={10.1145/3235045}
}

@article{gfd-oopsla-2019,
  author={Greenman, Ben and Felleisen, Matthias and Dimoulas, Christos},
  title={Complete Monitors for Gradual Types},
  journal=pacmpl,
  volume={3},
  number=oopsla,
  pages={122:1--122:29},
  year=2019,
  url={https://doi.org/10.1145/3360548},
  doi={10.1145/3360548}
}

@inproceedings{clzv-ecoop-2018,
  author="Benjamin W. Chung and Paley Li and Zappa Nardelli, Francesco and Jan Vitek",
  title="{KafKa}: Gradual Typing for Objects",
  booktitle=ecoop,
  pages="12:1--12:23",
  year=2018}

@article{m-jcss-1978,
  author="Robin Milner",
  title="A Theory of Type Polymorphism in Programming",
  journal=jcss,
  pages="348--375",
  number=3,
  volume=17,
  year=1978
}

@inproceedings{gm-pepm-2018,
  author={Greenman, Ben and Migeed, Zeina},
  title={On the Cost of Type-Tag Soundness},
  booktitle=pepm,
  pages={30--39},
  year=2018}
%  doi={https://doi.org/10.1145/3162066}

@inproceedings{bmt-ecoop-2010,
  author={Gavin Bierman and Erik Meijer and Mads Torgersen},
  title={Adding Dynamic Types to {C\#}},
  booktitle=ecoop,
  pages={76--100},
  year=2010}


@inproceedings{tfgnvf-popl-2016,
  author={Asumu Takikawa and Daniel Feltey and Ben Greenman and Max S. New and Jan Vitek and Matthias Felleisen},
  title={Is Sound Gradual Typing Dead?},
  booktitle=popl,
  pages={456--468},
  year=2016,
  url={https://doi.org/10.1145/2837614.2837630},
  doi={10.1145/2837614.2837630}
}

@inproceedings{gw-mutation,
  author={Gopinath, Rahul and Walkingshaw, Eric},
  booktitle={2017 IEEE International Conference on Software Testing, Verification and Validation Workshops (ICSTW)}, 
  title={How Good Are Your Types? Using Mutation Analysis to Evaluate the Effectiveness of Type Annotations}, 
  year={2017},
  pages={122-127},
  url={https://doi.org/10.1109/ICSTW.2017.28},
  doi={10.1109/ICSTW.2017.28}
}
                  

@article{gtnffvf-jfp-2019,
  author={Greenman, Ben and Takikawa, Asumu and New, Max S. and Feltey, Daniel and Findler, Robert Bruce and Vitek, Jan and Felleisen, Matthias},
  title={How to evaluate the performance of gradual type systems},
  journal=jfp,
  volume={29},
  number={e4},
  year={2019},
  pages={1--45},
  url={https://doi.org/10.1017/S0956796818000217},
  doi={10.1017/S0956796818000217}
}

@article{bbst-oopsla-2017,
 author = {Bauman, Spenser and Bolz-Tereick, Carl Friedrich and Siek, Jeremy and Tobin-Hochstadt, Sam},
 title = {Sound Gradual Typing: {o}nly Mostly Dead},
 journal = pacmpl,
 volume = {1},
 number = oopsla,
 pages = {54:1--54:24},
 year=2017
}

@inproceedings{cs-popl-2017,
  author={Matteo Cimini and Jeremy Siek},
  title={Automatically Generating the Dynamic Semantics of Gradually Typed Languages},
  booktitle=popl,
  pages={789--803},
  year=2017
}

@inproceedings{mdffc-oopsla-2016,
  author={Scott Moore and Christos Dimoulas and Robert Bruce Findler and Matthew Flatt and Stephen Chong},
  title={Extensible Access Control with Authorization Contracts},
  booktitle=oopsla,
  pages={214--233},
  year=2016}

@article{gmz-toplas-2000,
  author={Dan Grossman and Greg Morrisett and Steve Zdancewic},
  title={Syntactic Type Abstraction},
  journal=toplas,
  volume={22},
  number={6},
  pages={1037--1080},
  year=2000}

@article{wcd-icfp-2017,
  author={Waye, Lucas and Chong, Stephen and Dimoulas, Christos},
  title={Whip: Higher-Order Contracts for Modern Services},
  journal=pacmpl,
  volume={1},
  number=icfp,
  pages={36:1--36:28},
  year=2017
}

@article{nla-popl-2019,
  author={New, Max S. and Licata, Daniel R. and Ahmed, Amal},
  title={Gradual Type Theory},
  journal=pacmpl,
  volume={3},
  number=popl,
  pages={15:1--15:31},
  year=2019
}

@article{cl-icfp-2017,
  author={Giuseppe Castagna and Victor Lanvin},
  title={Gradual Typing with Union and Intersection Types},
  journal=pacmpl,
  volume={1},
  number=icfp,
  pages={41:1--41:28},
  year=2017,
  url={https://doi.org/10.1145/3110285},
  doi={10.1145/3110285}
}

@article{na-icfp-2018,
  author={New, Max S. and Amal Ahmed},
  title={Graduality from Embedding-Projection Pairs},
  journal=pacmpl,
  volume={2},
  number=icfp,
  pages={73:1--73:30},
  year=2018
}

@techreport{gfd-tr-2019,
    author={Greenman, Ben and Felleisen, Matthias and Dimoulas, Christos},
    title={Complete Monitors for Gradual Types: Supplementary Material},
    institution={{Northeastern University}},
    number={{NU-CCIS-2019-001}},
    year={2019}}

@article{sst-jfp-2018,
  author={Swords, Cameron and Sabry, Amr and Tobin-Hochstadt, Sam},
  title={An extended account of contract monitoring strategies as patterns of communication},
  volume={28},
  year={2018},
  number={e4},
  pages={1--47},
  journal=jfp
}

@article{bm-jfp-2006,
  author={Blume, Matthias and McAllester, David A.},
  title={Sound and Complete Models of Contracts},
  volume={16},
  year={2006},
  number={4-5},
  pages={375--414},
  journal=jfp
}

@article{gpw-jfp-2012,
  author={Greenberg, Michael and Pierce, Benjamin C. and Weirich, Stephanie},
  title={Contracts made manifest},
  volume={22},
  year={2012},
  number={3},
  pages={225--274},
  journal=jfp
}

@article{kf-toplas-2010,
  author={Knowles, Kenneth and Flanagan, Cormac},
  title={Hybrid Type Checking},
  volume={32},
  number={6},
  year={2010},
  pages={1--34},
  journal=toplas
}

@article{htf-hosc-2010,
  title={Space-efficient Gradual Typing},
  author={David Herman and Aaron Tomb and Cormac Flanagan},
  volume={23},
  number={2},
  year={2010},
  pages={167--189},
  journal=hosc
}

@inproceedings{hjl-flops-2006,
  author={Ralf Hinze and Johan Jeuring and Andres L{\"o}h},
  title={Typed Contracts for Functional Programming},
  booktitle=flops,
  pages={208--225},
  year=2006
}

@inproceedings{g-popl-2015,
  author={Michael Greenberg},
  title={Space-Efficient Manifest Contracts},
  booktitle=popl,
  pages={181--194},
  year=2015
}
% https://arxiv.org/abs/1410.2813

@inproceedings{g-tfp-2016,
  author={Michael Greenberg},
  title={Space-Efficient Latent Contracts},
  booktitle={{TFP}},
  pages={3--23},
  year=2016
}
% https://doi.org/10.1007/978-3-030-14805-8_1

@inproceedings{rsfbv-popl-2015,
  title={Safe \& Efficient Gradual Typing for {TypeScript}},
  author={Aseem Rastogi and Nikhil Swamy and C{\'e}dric Fournet and Gavin Bierman and Panagiotis Vekris},
  booktitle=popl,
  pages={167--180},
  year=2015,
  url={https://doi.org/10.1145/2676726.2676971},
  doi={10.1145/2676726.2676971}
}

@inproceedings{stff-oopsla-2012,
  author = "T. Stephen Strickland and Sam Tobin-Hochstadt and Robert Bruce Findler and Matthew Flatt",
  title = "Chaperones and Impersonators: Run-time Support for Reasonable Interposition",
  booktitle = oopsla,
  pages = {943--962},
  year = 2012
}

@inproceedings{t-popl-1990,
  author={Satish Thatte},
  title={Quasi-static Typing},
  booktitle=popl,
  pages={367--381},
  year={1990}
}

@inproceedings{stw-pldi-2015,
  author={Jeremy Siek and Peter Thiemann and Philip Wadler},
  title={Blame and Coercion: Together Again for the First Time},
  booktitle=pldi,
  pages={425--435},
  year={2015}
}

@inproceedings{gff-oopsla-2005,
  author={Gray, Kathryn E. and Findler, Robert Bruce and Flatt, Matthew},
  title={Fine-Grained Interoperability Through Mirrors and Contracts},
  booktitle=oopsla,
  pages={231--245},
  year={2005}
}

@inproceedings{kt-icfp-2015,
  author={Keil, Matthias and Theimann, Peter},
  title={Blame Assignment for Higher-Order Contracts with Intersection and Union},
  booktitle=icfp,
  pages={375--386},
  year={2015}
}

@phdthesis{s-thesis-2012,
 author = {Strickland, T. Stephen},
 title = {Scaling Contracts to Realistic Languages},
 school = {{N}ortheastern {U}niversity},
 year = {2012},
}

@phdthesis{d-thesis-2012,
 author = {Christos Dimoulas},
 title = {Foundations for Behavioral Higher-Order Contracts},
 school = {{N}ortheastern {U}niversity},
 year = {2012},
}

@phdthesis{v-thesis-2019,
 author = {Vitousek, Michael M.},
 title = {Gradual Typing for Python, Unguarded},
 school = {{I}ndiana {U}niversity},
 year = {2019},
}

@inproceedings{wf-esop-2009,
  author = {Wadler, Philip and Findler, Robert Bruce},
  title = {Well-typed Programs Can't be Blamed},
  booktitle = esop,
  pages = {1--15},
  year = {2009},
  url={https://doi.org/10.1007/978-3-642-00590-9_1},
  doi={10.1007/978-3-642-00590-9_1}
}

@inproceedings{svctg-esop-2015,
  author = {Jeremy Siek and Vitousek, Michael M. and Matteo Cimini and Sam Tobin-Hochstadt and Ronald Garcia},
  title = {Monotonic References for Efficient Gradual Typing},
  booktitle = esop,
  pages = {432--456},
  year = {2015},
  url={https://doi.org/10.1007/978-3-662-46669-8_18},
  doi={10.1007/978-3-662-46669-8_18}
}

@inproceedings{dnff-icfp-2016,
  author = {Dimoulas, Christos and New, Max S. and Findler, Robert Bruce and Felleisen, Matthias},
  title = {Oh Lord, Please Don't Let Contracts be Misunderstood (functional pearl)},
  booktitle = icfp,
  pages = {117--131},
  year = {2016}
}

@inproceedings{tf-icfp-2010,
  author = {Tobin-Hochstadt, Sam and Felleisen, Matthias},
  title = {Logical Types for Untyped Languages},
  booktitle = icfp,
  pages = {117--128},
  year = {2010},
  url={https://doi.org/10.1145/1863543.1863561},
  doi={10.1145/1863543.1863561}
}

@book{a-cc-1992,
  author = {Andrew W. Appel},
  title = {Compiling with Continuations},
  publisher = {Cambridge University Press},
  address = {},
  edition = {1st},
  year = {1992}
}

@inproceedings{cc-snapl-2019,
  author={Sheng Chen and Campora, {III}, John Peter},
  title={Blame Tracking and Type Error Debugging},
  booktitle=snapl,
  pages={2:1--2:14},
  year={2019}
}

@inproceedings{w-snapl-2015,
  author={Philip Wadler},
  title={A Complement to Blame},
  booktitle=snapl,
  pages={309--320},
  year={2015}
}

@book{barendregt-1981,
  author="Henk Barendregt",
  title="The Lambda Calculus: Its Syntax and Semantics",
  publisher="North-Holland Publishing Company",
  year="1981"}

@inproceedings{gmfk-dls-2007,
  author="Arjun Guha and Jacob Matthews and Robert Bruce Findler and Shriram Krishnamurthi",
  title="Relationally-Parametric Polymorphic Contracts",
  booktitle=dls,
  pages={29--40},
  year=2007,
}

@inproceedings{rmhn-ecoop-2019,
  author={Richard Roberts and Stefan Marr and Michael Homer and James Noble},
  title={Transient Typechecks are (Almost) Free},
  booktitle=ecoop,
  pages="15:1--15:29",
  year=2019
}

@inproceedings{gi-sblp-2018,
  author    = {Hugo Musso Gualandi and Roberto Ierusalimschy},
  title     = {{P}allene: a statically typed companion language for {L}ua},
  booktitle = {{SBLP}},
  pages     = {19--26},
  year      = {2018}
}
  % doi       = {10.1145/3264637.3264640},


@inproceedings{gct-popl-2016,
  title={Abstracting Gradual Typing},
  author={Ronald Garcia and Clark, Alison M. and \'{E}ric Tanter},
  booktitle=popl,
  pages={429--442},
  year=2016,
  url={https://doi.org/10.1145/2837614.2837670},
  doi={10.1145/2837614.2837670}
}

@book{fff-2009,
  author="Matthias Felleisen and Robert Bruce Findler and Matthew Flatt",
  title="Semantics Engineering with PLT Redex",
  publisher="{MIT} Press",
  year="2009"
}

@inproceedings{bfnorsvw-oopsla-2009,
  title={{T}horn: Robust, Concurrent, Extensible Scripting on the {JVM}},
  author={Bard Bloom and John Field and Nathaniel Nystrom and
          Johan {\" O}stlund and Gregor Richards and Rok Strni{\v s}a and
          Jan Vitek and Tobias Wrigstad},
  booktitle=oopsla,
  year={2009}
}

@inproceedings{st-sfp-2006,
  title="Gradual Typing for Functional Languages",
  author={Jeremy G. Siek and Walid Taha},
  booktitle={Scheme and Functional Programming. University of Chicago, TR-2006-06},
  year={2006}
}

@article{fgsfs-oopsla-2018,
 author = {Daniel Feltey and Ben Greenman and Christophe Scholliers and Robert Bruce Findler and Vincent St-Amour},
 title = {Collapsible Contracts: Fixing a Pathology of Gradual Typing},
 journal = pacmpl,
 volume = {2},
 number = oopsla,
 pages = {133:1--133:27},
 year=2018
}

@inproceedings{kas-pldi-2019,
  author={Andre Kuhlenschmidt and Deyaaeldeen Almahallawi and Siek, Jeremy G.},
  title={Toward Efficient Gradual Typing for Structural Types via Coercions},
  booktitle=pldi,
  pages={517--532},
  year={2019},
  url={https://doi.org/10.1145/3325989},
  doi={10.1145/3325989}
}

@inproceedings{r-ifip-1983,
  title="Types, Abstraction, and Parametric Polymorphism",
  author="John C. Reynolds",
  booktitle={{IFIP}},
  pages={513--523},
  year={1983}
}

@article{r-jfp-2008,
  author={Norman Ramsey},
  title={Embedding an interpreted language using higher-order functions and types},
  journal=jfp,
  volume={21},
  number={6},
  pages={585--615},
  year={2008}
}

@inproceedings{ok-popl-2003,
  author={Atsushi Ohori and Kazuhiko Kato},
  title={Semantics for Communication Primitives in a Polymorphic Language},
  booktitle=popl,
  pages={99--112},
  year={1993}
}

@techreport{m-maclisp-1974,
  author={David A. Moon},
  title={{MACLISP} Reference Manual, Revision 0},
  institution={{MIT} Project {MAC}},
  year={1974}
}

@inproceedings{sfrbcsb-popl-2014,
  title={Gradual Typing Embedded Securely in {J}ava{S}cript},
  author={Nikhil Swamy and C\'{e}dric Fournet and Aseem Rastogi and Karthikeyan Bhargavan and Juan Chen and Pierre-Yves Strub and Gavin Bierman},
  booktitle=popl,
  pages={425--437},
  year={2014},
  url={https://doi.org/10.1145/2535838.2535889},
  doi={10.1145/2535838.2535889}
}

@inproceedings{tgpk-dls-2018,
  author={Tunnell Wilson, Preston and Greenman, Ben and Pombrio, Justin and Krishnamurthi, Shriram},
  title={The Behavior of Gradual Types: {a} User Study},
  booktitle={{DLS}},
  pages={1--12},
  year={2018},
  url={https://doi.org/10.1145/3276945.3276947},
  doi={10.1145/3276945.3276947}
}

@inproceedings{dtw-pepm-2012,
  title="The Interaction of Contracts and Laziness",
  author="Markus Degen and Peter Thiemann and Stefan Wehr",
  booktitle=pepm,
  pages={97--106},
  year={2012}
}

@inproceedings{afsw-popl-2011,
  title={Blame for All},
  author={Amal Ahmed and Robert Bruce Findler and Jeremy G. Siek and Philip Wadler},
  booktitle=popl,
  pages={201--214},
  year={2011}
}

@inproceedings{fgr-ifl-2007,
  title={Lazy Contract Checking for Immutable Data Structures},
  author={Robert Bruce Findler and Shu-yu Guo and Anne Rogers},
  booktitle=ifl,
  pages={111--128},
  year={2007}
}

@inproceedings{c-icfp-2012,
  author    = {Olaf Chitil},
  title     = {Practical typed lazy contracts},
  booktitle = icfp,
  pages     = {67--76},
  year      = {2012}
}

@article{df-toplas-2011,
  author={Christos Dimoulas and Matthias Felleisen},
  title={On Contract Satisfaction in a Higher-Order World},
  journal=toplas,
  volume={33},
  number={5},
  pages={16:1--16:29},
  year={2011}
}

@inproceedings{vsc-dls-2019,
  author={Vitousek, Michael M. and Siek, Jeremy G. and Chaudhuri, Avik},
  title={Optimizing and Evaluating Transient Gradual Typing},
  booktitle=dls,
  pages={28--41},
  year={2019},
  url={https://doi.org/10.1145/3359619.3359742},
  doi={10.1145/3359619.3359742}
}

@article{wf-ic-1994,
 author={Wright, Andrew K. and Matthias Felleisen},
 title={A Syntactic Approach to Type Soundness},
 journal={Information and Computation},
 vol={115},
 num={1},
 year={1994},
 pages={38--94},
 note={{F}irst appeared as Technical Report {TR160}, {R}ice University, 1991}
}

@article{isi-icfp-2017,
  author={Yuu Igarashi and Taro Sekiyama and Atsushi Igarashi},
  title={On Polymorphic Gradual Typing},
  journal=pacmpl,
  volume={1},
  number=icfp,
  pages={40:1--40:29},
  year={2017}
}

@article{tlt-popl-2019,
  title={Gradual Parametricty, Revisited},
  author={Mat{\'i}as Toro and Elizabeth Labrada and {\'E}ric Tanter},
  journal=pacmpl,
  volume={3},
  number=popl,
  pages={17:1--17:30},
  year={2019},
  url={https://doi.org/10.1145/3290330},
  doi={10.1145/3290330}
}

@article{nja-popl-2020,
  title={Graduality and Parametricity: {t}ogether again for the first time},
  author={New, Max S. and Dustin Jamner and Amal Ahmed},
  journal=pacmpl,
  volume={4},
  number=popl,
  pages={46:1--46:32},
  year={2020}
}

@article{lksfd-popl-2020,
  title={Does Blame Shifting Work?},
  author={Lazarek, Lukas and King, Alexis and Sundar, Samanvitha and Findler, Robert B. and Dimoulas, Christos},
  journal=pacmpl,
  volume={4},
  number=popl,
  pages={65:1--65:29},
  year={2020},
  url={https://doi.org/10.1145/3373113},
  doi={10.1145/3373113}
}

@inproceedings{ttt21,
  title={A Transient Semantics for Typed Racket (Experience Report)},
  author={Greenman, Ben and Lazarek, Lukas and Dimoulas, Christos and Felleisen, Matthias},
  year={2021},
  note="Submitted and under review"
}
%   author={Greenman, Ben and Lazarek, Lukas and Dimoulas, Christos and Felleisen, Matthias},


@article{jia2011analysis,
  title={An analysis and survey of the development of mutation testing},
  author={Jia, Yue and Harman, Mark},
  journal={IEEE transactions on software engineering},
  volume={37},
  number={5},
  pages={649--678},
  year={2011},
  publisher={IEEE},
  address="New York, NY",
  url={https://doi.org/10.1109/TSE.2010.62},
  doi={10.1109/TSE.2010.62}
}

@article{demillo1978hints,
  title={Hints on test data selection: Help for the practicing programmer},
  author={DeMillo, Richard A. and Lipton, Richard J. and Sayward, Frederick G.},
  journal={Computer},
  volume={11},
  number={4},
  pages={34--41},
  year={1978},
  publisher={IEEE}
}

@misc{lipton1971fault,
  title={Fault diagnosis of computer programs},
  author={Lipton, Richard J},
  year={1971},
  publisher={Carnegie Mellon University, Technical Report},
  address="Pittsburgh, PA"
}

@inproceedings{stathff-padl-12,
author = {St-Amour, Vincent and Tobin-Hochstadt, Sam and Flatt, Matthew and Felleisen, Matthias},
title = {Typing the Numeric Tower},
year = {2012},
booktitle = padl,
pages = {289--303},
url={https://doi.org/10.1007/978-3-642-27694-1_21},
doi={10.1007/978-3-642-27694-1_21}
}

@inproceedings{cc-snapl-19,
  author =	{Sheng Chen and John Peter {Campora III}},
  title =	{{Blame Tracking and Type Error Debugging}},
  booktitle =	snapl,
  pages =	{2:1--2:14},
   year =	{2019}}

@inproceedings{cc-oopsla-20,
  author = {Campora, John Peter and Chen, Sheng},
  title = {Taming Type Annotations in Gradual Typing},
  year = {2020},
  issue_date = {November 2020},
  journal=pacmpl,
  publisher = {Association for Computing Machinery},
  address = {New York, NY, USA},
  volume = {4},
  number = oopsla,
  url = {https://doi.org/10.1145/3428259},
  doi = {10.1145/3428259}
}

@article{tt-scp-20,
  author =	{Mat{\'i}as Toro and \'{E}ric Tanter},
title     = {Abstracting Gradual References},
  journal   = {Science of Computer Programming},
  year      = 2020,
  volume    = 197,
  pages     = {1--65},
  url={https://doi.org/10.1016/j.scico.2020.102496},
  doi={10.1016/j.scico.2020.102496}
  }


@inproceedings{etg-icfp-19,
  author =	{ Joseph Eremondi and \'{E}ric Tanter and Ronald Garcia},
  title =	{{Approximate Normalization for Gradual Dependent Types}},
   year =	{2019},
   issue_date = {August 2019},
publisher = {Association for Computing Machinery},
address = {New York, NY, USA},
volume = {3},
number = icfp,
url = {https://doi.org/10.1145/3341692},
doi = {10.1145/3341692},
journal = pacmpl,
articleno = {88},
numpages = {30},
keywords = {normalization, dependent types, Gradual types}
   }

@inproceedings{tgt-popl-18,
  author    = {Niki Vazou and {\'E}ric Tanter and Van Horn, David},
  title     = {Gradual Liquid Type Inference},
  year = {2018},
issue_date = {November 2018},
publisher = {Association for Computing Machinery},
address = {New York, NY, USA},
volume = {2},
number = {OOPSLA},
url = {https://doi.org/10.1145/3276502},
doi = {10.1145/3276502},
journal = pacmpl,
articleno = {132},
numpages = {25},
keywords = {gradual typing, error explanation, refinement types, liquid types}
}


@inproceedings{tt-sas-17,
  author    = {Mat{\'i}as Toro and {\'E}ric Tanter},
  title     = {A Gradual Interpretation of Union Types},
  booktitle = {Proceedings of the 24th Static Analysis Symposium},
  year      = 2017,
  pages     = {382-404},
  url={https://doi.org/10.1007/978-3-319-66706-5_19},
  doi={10.1007/978-3-319-66706-5_19}
}

@inproceedings{wnlov-popl-2010,
  author="Tobias Wrigstad and Zappa Nardelli, Francesco and Sylvain Lebresne and Johan Ostlund and Jan Vitek",
  title="Integrating Typed and Untyped Code in a Scripting Language",
  booktitle=popl,
  pages="377--388",
  year=2010,
  url={https://doi.org/10.1145/1706299.1706343},
  doi={10.1145/1706299.1706343}
  }


@inproceedings{hpst-sfp-2010,
  title="Functional Data Structures for Typed Racket",
  author={Hari Prashanth and Sam Tobin-Hochstadt},
  booktitle={Scheme and Functional Programming},
  year={2010}
}


@inproceedings{gw:good-types-mutation,
  author={Rahul Gopinath and Eric Walkingshaw},
  booktitle={ICSTW}, 
  title={How Good Are Your Types? Using Mutation Analysis to Evaluate the Effectiveness of Type Annotations}, 
  year={2017},
  pages={122-127}}


% relevant essay is: On the Definition of Political Economy and Method of Investigation Proper to It
@book{mill1874essays,
  title={Essays on some unsettled questions of political economy},
  author={Mill, John Stuart},
  year={1874},
  publisher={Longmans, Green, Reader, and Dyer}
}

@article{henrich2001search,
  title={In search of homo economicus: behavioral experiments in 15 small-scale societies},
  author={Henrich, Joseph and Boyd, Robert and Bowles, Samuel and Camerer, Colin and Fehr, Ernst and Gintis, Herbert and McElreath, Richard},
  journal={American Economic Review},
  volume={91},
  number={2},
  pages={73--78},
  year={2001}}

@phdthesis{g-dissertation-2020,
 author = {Ben Greenman},
 title = {{Deep} and {Shallow} Types},
 school = {{Northeastern} {University}},
 year = {2020},
}
